<record><leader>00000cas a22000007a 4500</leader><controlfield tag="001">58567838</controlfield><controlfield tag="008">050323d19681968tnuwr ne      0    0eng d</controlfield><datafield ind1=" " ind2=" " tag="010"><subfield code="a">sn2005062322</subfield></datafield><datafield ind1=" " ind2=" " tag="040"><subfield code="a">TGN</subfield><subfield code="b">eng</subfield><subfield code="c">TGN</subfield><subfield code="d">TGN</subfield><subfield code="d">OCLCF</subfield></datafield><datafield ind1="1" ind2=" " tag="029"><subfield code="a">AU@</subfield><subfield code="b">000026851994</subfield></datafield><datafield ind1=" " ind2=" " tag="042"><subfield code="a">msc</subfield></datafield><datafield ind1=" " ind2=" " tag="043"><subfield code="a">n-us-tn</subfield></datafield><datafield ind1="0" ind2="4" tag="245"><subfield code="a">The volunteer spirit.</subfield></datafield><datafield ind1=" " ind2=" " tag="260"><subfield code="a">Martin, Tenn. :</subfield><subfield code="b">[s.n.],</subfield><subfield code="c">1968.</subfield></datafield><datafield ind1=" " ind2=" " tag="300"><subfield code="a">v.</subfield></datafield><datafield ind1=" " ind2=" " tag="310"><subfield code="a">Weekly</subfield></datafield><datafield ind1="0" ind2=" " tag="362"><subfield code="a">Vol. 1, no. 1 (May 10, 1968)-</subfield></datafield><datafield ind1="1" ind2=" " tag="362"><subfield code="a">Ceased with May 24, 1968 issue?</subfield></datafield><datafield ind1=" " ind2=" " tag="500"><subfield code="a">"Student newspaper published weekly near the campus of The University of Tennessee at Martin."--pub. block.</subfield></datafield><datafield ind1=" " ind2=" " tag="580"><subfield code="a">Published simultaneously with the Volette.</subfield></datafield><datafield ind1="2" ind2="0" tag="610"><subfield code="a">University of Tennessee at Martin</subfield><subfield code="x">Students</subfield><subfield code="v">Newspapers.</subfield></datafield><datafield ind1=" " ind2="0" tag="651"><subfield code="a">Martin (Tenn.)</subfield><subfield code="v">Newspapers.</subfield></datafield><datafield ind1=" " ind2="0" tag="651"><subfield code="a">Weakley County (Tenn.)</subfield><subfield code="v">Newspapers.</subfield></datafield><datafield ind1=" " ind2="7" tag="655"><subfield code="a">Newspapers.</subfield><subfield code="2">fast</subfield><subfield code="0">(OCoLC)fst01423814</subfield></datafield><datafield ind1="2" ind2="7" tag="610"><subfield code="a">University of Tennessee at Martin.</subfield><subfield code="2">fast</subfield><subfield code="0">(OCoLC)fst00540202</subfield></datafield><datafield ind1=" " ind2="7" tag="650"><subfield code="a">Students.</subfield><subfield code="2">fast</subfield><subfield code="0">(OCoLC)fst01136041</subfield></datafield><datafield ind1=" " ind2="7" tag="651"><subfield code="a">Tennessee</subfield><subfield code="z">Martin.</subfield><subfield code="2">fast</subfield><subfield code="0">(OCoLC)fst01214701</subfield></datafield><datafield ind1=" " ind2="7" tag="651"><subfield code="a">Tennessee</subfield><subfield code="z">Weakley County.</subfield><subfield code="2">fast</subfield><subfield code="0">(OCoLC)fst01210110</subfield></datafield><datafield ind1="2" ind2=" " tag="710"><subfield code="a">University of Tennessee at Martin.</subfield></datafield><datafield ind1=" " ind2=" " tag="752"><subfield code="a">United States</subfield><subfield code="b">Tennessee</subfield><subfield code="c">Weakley</subfield><subfield code="d">Martin.</subfield></datafield><datafield ind1="0" ind2=" " tag="787"><subfield code="t">Volette</subfield><subfield code="w">(DLC)sn2005062321</subfield><subfield code="w">(OCoLC)50957220</subfield></datafield></record>